@inproceedings{DBLP:conf/nips/OordDS13,
  author    = {A{\"{a}}ron Van Den Oord and
               Sander Dieleman and
               Benjamin Schrauwen},
  editor    = {Christopher J. C. Burges and
               L{\'{e}}on Bottou and
               Zoubin Ghahramani and
               Kilian Q. Weinberger},
  title     = {Deep content-based music recommendation},
  booktitle = {Advances in Neural Information Processing Systems 26: 27th Annual
               Conference on Neural Information Processing Systems 2013. Proceedings
               of a meeting held December 5-8, 2013, Lake Tahoe, Nevada, United States.},
  pages     = {2643--2651},
  year      = {2013},
  url       = {http://papers.nips.cc/paper/5004-deep-content-based-music-recommendation},
  timestamp = {Fri, 31 Jan 2014 12:11:40 +0100},
  biburl    = {http://dblp.uni-trier.de/rec/bib/conf/nips/OordDS13},
  bibsource = {dblp computer science bibliography, http://dblp.org}
}